@online{abstract-class,
  url        = {https://docs.oracle.com/javase/tutorial/java/IandI/abstract.html},
  shorttitle = {Abstract Methods and Classes},
  title      = {Abstract Methods and Classes (The Java™ Tutorials > Learning the Java Language > Interfaces and Inheritance)},
  keywords   = {java-2},
  author     = {Oracle},
  urldate    = {2020-04-22}
}

@online{git-handbook,
  url        = {https://guides.github.com/introduction/git-handbook/},
  title      = {Git Handbook - GitHub Guides},
  author     = {GitHub},
  year       = {2017},
  shorttitle = {Git Handbook},
  keywords   = {git},
  abstract   = {Guía de los comandos básicos de \textit{Git} y cómo se relacionan con \textit{GitHub}.}
}

@online{git-scm,
  title      = {Git},
  annotation = {Documentación oficial de Git},
  keywords   = {git},
  url        = {https://git-scm.com},
  urldate    = {2020-04-20},
  author     = {Scott Chacon and Jason Long and {GitHub Community}}
}

@online{git-simple,
  title      = {git - the simple guide - no deep shit!},
  shorttitle = {git - the simple guide},
  author     = {Roger Dudler},
  urldate    = {2020-04-20},
  url        = {https://rogerdudler.github.io/git-guide/},
  keywords   = {git}
}

@online{gitflow,
  url        = {https://guides.github.com/introduction/flow/},
  urldate    = {2020-04-24},
  title      = {Understanding the GitHub flow - GitHub Guides},
  shorttitle = {Understanding the GitHub flow},
  author     = {GitHub},
  date       = {2017-11-30},
  abstract   = {
    La modalidad (flujo) de trabajo recomendada por \textit{GitHub} para trabajar en equipos
  },
  annotation = {
    Les recomendamos encarecidamente que utilicen esta modalidad al trabajar individualmente y, en
    especial, en las tareas de este ramo.
  },
  keywords   = {git}
}

@online{github-hello-world,
  title      = {Hello World - GitHub Guides},
  shorttitle = {Hello World},
  author     = {Github},
  keywords   = {git},
  urldate    = {2020-04-20},
  url        = {https://guides.github.com/activities/hello-world/},
  abstract   = {Tutorial básico de cómo crear y manejar un repositorio en \textit{GitHub}}
}

@online{gitignore,
  title      = {Git - gitignore Documentation},
  shorttitle = {gitignore},
  author     = {Scott Chacon and Jason Long and {GitHub Community}},
  keywords   = {git},
  urldate    = {2020-04-20},
  url        = {https://git-scm.com/docs/gitignore}
}

@book{java-nutshell-oop,
  author     = {Benjamin J. Evans and David Flanagan},
  editor     = {Mike Loukides and Meghan Blanchette},
  title      = {Java in a Nutshell},
  publisher  = {O'Reilly Media, Inc},
  year       = {2015},
  edition    = {6th ed},
  annotation = {
    Este libro profundiza mucho más en el lenguaje Java que lo que se verá en el curso, no se 
    recomienda como material de estudio a excepción de los capítulos mencionados y sólo en caso de 
    necesitar explicaciones más detalladas sobre el lenguaje de programación.
  },
  chapter    = {3. Object-Oriented Programming in Java},
  pages      = {97-134},
  keywords   = {java-2}
}

@online{java-static,
  url        = {https://www.javatpoint.com/static-keyword-in-java},
  urldate    = {2020-07-03},
  title      = {Static keyword in Java - Javatpoint},
  shorttitle = {Static keyword in Java},
  keywords   = {java-2}
}

@online{markdown,
  url        = {https://guides.github.com/features/mastering-markdown/},
  title      = {Mastering Markdown - GitHub Guides},
  author     = {GitHub},
  date       = {2014-01-15},
  keywords   = {git},
  shorttitle = {Mastering Markdown}
}

@online{singh-constructors,
  url      = {https://beginnersbook.com/2013/03/constructors-in-java/},
  urldate  = {2020-05-09},
  title    = {Constructors in Java – A complete study!!},
  author   = {Chaitanya Singh},
  urldate  = {2020-05-09},
  keywords = {java-2}
}

@online{stackoverflow-static,
  url        = {https://stackoverflow.com/questions/2671496/java-when-to-use-static-methods},
  urldate    = {2020-07-03},
  title      = {Java: when to use static methods - Stack Overflow},
  shorttitle = {Java: when to use static methods},
  keywords   = {java-2}
}